@ONLINE {microros,
	author = "{micro-ROS}",
	title  = "Overview: Features and Architecture",
	year   = "2024",
	url    = "https://micro.ros.org/docs/overview/features/"
}
@ONLINE {ecoros,
	author = "{Open Robotics}",
	title  = "The ROS Ecosystem",
	year   = "2021",
	url    = "https://www.ros.org/blog/ecosystem/"
}
@ONLINE {autowareArchitecture,
	author = "{The Autoware Fundation}",
	title  = "Architecture overview",
	year   = "2023",
	url    = "https://autowarefoundation.github.io/autoware-documentation/main/design/autoware-architecture/"
}
@ONLINE {gitautoware,
	author = "{The Autoware Fundation}",
	title  = "Github: Autoware Repository",
	year   = "2024",
	url    = "github.com/autowarefoundation/autoware"
}
@phdthesis{bedoya_alise_2016,
	address = {Campinas, SP},
	type = {Doutor em {Engenharia} {Mecânica}},
	title = {Análise de risco para a cooperação entre o condutor e sistema de controle de veículos autônomos},
	url = {https://repositorio.unicamp.br/Busca/Download?codigoArquivo=471471},
	language = {pt},
	urldate = {2024-05-23},
	school = {Universidade Estadual de Campinas},
	author = {Bedoya, Olmer Garcia},
	month = feb,
	year = {2016},
	doi = {10.47749/T/UNICAMP.2016.970752},
	annote = {Tese de doutorado do Olmer
	Fonte indicada pelo Janito para conhecer melhor a construção do VILMA.
	}
}
